<?xml version="1.0" encoding="UTF-8"?><collection xmlns="http://www.loc.gov/MARC21/slim"><record><leader>00479nam--2200133-i-4500</leader><controlfield tag="001">000015747</controlfield><controlfield tag="002">20161230</controlfield><controlfield tag="005">20161230201031</controlfield><controlfield tag="008">060222s1000------------r-----000-0-eng-d</controlfield><datafield ind1=" " ind2=" " tag="080"><subfield code="a">539.97(043)</subfield></datafield><datafield ind1=" " ind2=" " tag="100"><subfield code="a">Bolbach, Gerard</subfield></datafield><datafield ind1=" " ind2=" " tag="245"><subfield code="a">Contribution a l`etude de la chimisorption des halogenes a bas taux de recouvrement sur diffe rentes surfaces de metaux de transition 4d(nb, mo) et 5d (ta et w). these</subfield></datafield><datafield ind1=" " ind2=" " tag="260"><subfield code="a">Pharis, Univ.Pierre Et Marie Curie, 1982. 126 P</subfield></datafield><datafield ind1=" " ind2=" " tag="852"><subfield code="a">73493</subfield></datafield></record></collection>